@inproceedings{snap,
 author = {Arashloo, Mina Tahmasbi and Koral, Yaron and Greenberg, Michael and Rexford, Jennifer and Walker, David},
 title = {SNAP: Stateful Network-Wide Abstractions for Packet Processing},
 booktitle = {Proceedings of SIGCOMM},
 year = {2016},
}

@inproceedings{maple,
 author = {Voellmy, Andreas and Wang, Junchang and Yang, Y Richard and Ford, Bryan and Hudak, Paul},
 title = {Maple: Simplifying SDN Programming Using Algorithmic Policies},
 booktitle = {Proceedings of SIGCOMM},
 year = {2013},
} 

@inproceedings{domino,
 author = {Sivaraman, Anirudh and Cheung, Alvin and Budiu, Mihai and Kim, Changhoon and Alizadeh, Mohammad and Balakrishnan, Hari and Varghese, George and McKeown, Nick and Licking, Steve},
 title = {Packet Transactions: High-Level Programming for Line-Rate Switches},
 booktitle = {Proceedings of the 2016 ACM SIGCOMM Conference},
 series = {SIGCOMM '16},
 year = {2016},
 isbn = {978-1-4503-4193-6},
 location = {Florianopolis, Brazil},
 pages = {15--28},
 numpages = {14},
 url = {http://doi.acm.org/10.1145/2934872.2934900},
 doi = {10.1145/2934872.2934900},
 acmid = {2934900},
 publisher = {ACM},
 address = {New York, NY, USA},
 keywords = {Programmable switches, stateful data-plane algorithms},
}